<?xml version="1.0" encoding="UTF-8"?><collection xmlns="http://www.loc.gov/MARC21/slim"><record><leader>00406nam--2200133-i-4500</leader><controlfield tag="001">000007031</controlfield><controlfield tag="002">20161230</controlfield><controlfield tag="005">20161230201027</controlfield><controlfield tag="008">060222s1000------------r-----000-0-eng-d</controlfield><datafield ind1=" " ind2=" " tag="080"><subfield code="a">541</subfield></datafield><datafield ind1=" " ind2=" " tag="100"><subfield code="a">Bassichis, W.H.And Ripka, Georges</subfield></datafield><datafield ind1=" " ind2=" " tag="245"><subfield code="a">A hartre-fock calculation of excited states of o16</subfield></datafield><datafield ind1=" " ind2=" " tag="260"><subfield code="a">Rehovoth (Israel), Department Of Nuclear Physics, (F.Data) 5 P. + 2 Tabl. + 2 Fig</subfield></datafield><datafield ind1=" " ind2=" " tag="852"><subfield code="a">20771</subfield></datafield></record></collection>